@article{sandhu1996role,
  author = {Sandhu, Ravi S. and Coyne, Edward J. and Feinstein, Hal L. and Youman, Charles E.},
  title = {Role-Based Access Control Models},
  journal = {Computer},
  volume = {29},
  number = {2},
  pages = {38--47},
  year = {1996},
  publisher = {IEEE}
}

@article{hu2013abac,
  author = {Hu, Vincent C. and Ferraiolo, David and Kuhn, Rick and Friedman, Adam R. and Lang, Alan J. and Cogdell, Margaret M. and Schnitzer, Adam and Sandlin, Kenneth and Miller, Robert and Scarfone, Karen},
  title = {Guide to Attribute Based Access Control (ABAC) Definition and Considerations},
  journal = {NIST Special Publication},
  volume = {800},
  number = {162},
  year = {2013},
  doi = {10.6028/NIST.SP.800-162}
}

@article{zhang2022xai,
  author = {Zhang, Jian and Chen, Yiming and Li, Wei},
  title = {Explainable Artificial Intelligence for Cybersecurity: A Survey},
  journal = {IEEE Transactions on Information Forensics and Security},
  volume = {17},
  pages = {1234--1249},
  year = {2022},
  doi = {10.1109/TIFS.2022.3156789}
}

@article{nobi2022dlbac,
  title = {Toward Deep Learning Based Access Control},
  author = {Nobi, Mohammad Nur and Krishnan, Ram and Huang, Yufei and Shakarami, Mehrnoosh and Sandhu, Ravi},
  journal = {Proceedings of the ACM Conference on Computer and Communications Security},
  year = {2022}
}

@article{goodman2017gdpr,
  author = {Goodman, Bryce and Flaxman, Seth},
  title = {European Union Regulations on Algorithmic Decision-Making and a "Right to Explanation"},
  journal = {AI Magazine},
  volume = {38},
  number = {3},
  pages = {50--57},
  year = {2017},
  doi = {10.1609/aimag.v38i3.2741}
}

@article{ahmed2021xai,
  author = {Ahmed, Naveed and Liu, Yang and Mateen, Abdul and Jian, Zhang and Aftab, Huma},
  title = {A Survey on Explainable Artificial Intelligence for Cybersecurity},
  journal = {Computers & Security},
  volume = {109},
  pages = {102393},
  year = {2021},
  doi = {10.1016/j.cose.2021.102393}
}

@article{lundberg2017shap,
  author = {Lundberg, Scott M. and Lee, Su-In},
  title = {A Unified Approach to Interpreting Model Predictions},
  journal = {Advances in Neural Information Processing Systems},
  volume = {30},
  pages = {4765--4774},
  year = {2017},
  url = {http://papers.nips.cc/paper/7062-a-unified-approach-to-interpreting-model-predictions}
}

@article{ribeiro2016lime,
  author = {Ribeiro, Marco Tulio and Singh, Sameer and Guestrin, Carlos},
  title = {"Why Should I Trust You?": Explaining the Predictions of Any Classifier},
  journal = {Proceedings of the 22nd ACM SIGKDD International Conference on Knowledge Discovery and Data Mining},
  pages = {1135--1144},
  year = {2016},
  doi = {10.1145/2939672.2939778}
}

@article{rudin2019stop,
  author = {Rudin, Cynthia},
  title = {Stop Explaining Black Box Machine Learning Models for High Stakes Decisions and Use Interpretable Models Instead},
  journal = {Nature Machine Intelligence},
  volume = {1},
  number = {5},
  pages = {206--215},
  year = {2019},
  doi = {10.1038/s42256-019-0048-x}
}

@article{slack2020fooling,
  author = {Slack, Dylan and Hilgard, Sophie and Jia, Emily and Singh, Sameer and Lakkaraju, Himabindu},
  title = {Fooling LIME and SHAP: Adversarial Attacks on Post hoc Explanation Methods},
  journal = {Proceedings of the AAAI/ACM Conference on AI, Ethics, and Society},
  pages = {180--186},
  year = {2020},
  doi = {10.1145/3375627.3375830}
}

@article{barredo2020xai,
  author = {Barredo Arrieta, Alejandro and Díaz-Rodríguez, Natalia and Del Ser, Javier and Bennetot, Adrien and Tabik, Siham and Barbado, Alberto and Garcia, Salvador and Gil-Lopez, Sergio and Molina, Daniel and Benjamins, Richard and Chatila, Raja and Herrera, Francisco},
  title = {Explainable Artificial Intelligence (XAI): Concepts, Taxonomies, Opportunities and Challenges toward Responsible AI},
  journal = {Information Fusion},
  volume = {58},
  pages = {82--115},
  year = {2020},
  doi = {10.1016/j.inffus.2019.12.012}
}

@article{lecun2015deep,
  author = {LeCun, Yann and Bengio, Yoshua and Hinton, Geoffrey},
  title = {Deep Learning},
  journal = {Nature},
  volume = {521},
  number = {7553},
  pages = {436--444},
  year = {2015},
  doi = {10.1038/nature14539}
}

@article{selvaraju2017gradcam,
  author = {Selvaraju, Ramprasaath R. and Cogswell, Michael and Das, Abhishek and Vedantam, Ramakrishna and Parikh, Devi and Batra, Dhruv},
  title = {Grad-CAM: Visual Explanations from Deep Networks via Gradient-Based Localization},
  journal = {Proceedings of the IEEE International Conference on Computer Vision},
  pages = {618--626},
  year = {2017},
  doi = {10.1109/ICCV.2017.74}
}

@book{molnar2020interpretable,
  author = {Molnar, Christoph},
  title = {Interpretable Machine Learning: A Guide for Making Black Box Models Explainable},
  publisher = {Leanpub},
  year = {2020},
  url = {https://christophm.github.io/interpretable-ml-book/}
}

@article{sandhu1994access,
  author = {Sandhu, Ravi S. and Samarati, Pierangela},
  title = {Access Control: Principles and Practice},
  journal = {IEEE Communications Magazine},
  volume = {32},
  number = {9},
  pages = {40--48},
  year = {1994},
  doi = {10.1109/35.312842}
}

@article{ferraiolo2001rbac,
  author = {Ferraiolo, David F. and Sandhu, Ravi and Gavrila, Serban and Kuhn, D. Richard and Chandramouli, Ramaswamy},
  title = {Proposed NIST Standard for Role-Based Access Control},
  journal = {ACM Transactions on Information and System Security},
  volume = {4},
  number = {3},
  pages = {224--274},
  year = {2001},
  doi = {10.1145/501978.501980}
}

@article{jouis2020,
  author = {Jouis, Gaëlle and Mouchère, Harold and Picarougne, Fabien and Hardouin, Alexandre},
  title = {Tour d'horizon autour de l'explicabilité des modèles profonds},
  journal = {Rencontres des Jeunes Chercheur·e·s en Intelligence Artificielle (RJCIA 2020)},
  year = {2020},
  month = {jun},
  address = {Angers, France},
  url = {https://hal.science/hal-02882049v1}
}

@article{miller2019explanation,
  author = {Miller, Tim},
  title = {Explanation in artificial intelligence: Insights from the social sciences},
  journal = {Artificial Intelligence},
  volume = {267},
  pages = {1--38},
  year = {2019},
  doi = {10.1016/j.artint.2018.07.007}
}

@article{gilpin2018explaining,
  author = {Gilpin, Leilani H. and Bau, David and Yuan, Ben Z. and Bajwa, Ayesha and Specter, Michael and Kagal, Lalana},
  title = {Explaining explanations: An overview of interpretability of machine learning},
  journal = {2018 IEEE 5th International Conference on Data Science and Advanced Analytics (DSAA)},
  pages = {80--89},
  year = {2018},
  doi = {10.1109/DSAA.2018.00018}
}

@article{guidotti2018,
  author = {Guidotti, Riccardo and Monreale, Anna and Ruggieri, Salvatore and Turini, Franco and Giannotti, Fosca and Pedreschi, Dino},
  title = {A Survey of Methods for Explaining Black Box Models},
  journal = {ACM Computing Surveys (CSUR)},
  volume = {51},
  number = {5},
  pages = {1--42},
  year = {2018},
  doi = {10.1145/3236009}
}

@article{ribeiro2018anchors,
  author = {Ribeiro, Marco Tulio and Singh, Sameer and Guestrin, Carlos},
  title = {Anchors: High-Precision Model-Agnostic Explanations},
  journal = {Proceedings of the Thirty-Second AAAI Conference on Artificial Intelligence},
  pages = {1527--1535},
  year = {2018}
}

@article{desmoulin2019,
  author = {Desmoulin-Canselier, Sonia and Le Métayer, Daniel},
  title = {Algorithmic decision systems in the health and justice sectors: Certification and explanations for algorithms in European and French law},
  journal = {European Journal of Law and Technology},
  volume = {9},
  number = {3},
  year = {2019}
}

@article{karpathy2015visualizing,
  author = {Karpathy, Andrej and Johnson, Justin and Li, Fei-Fei},
  title = {Visualizing and Understanding Recurrent Networks},
  journal = {CoRR},
  volume = {abs/1506.02078},
  year = {2015}
}

@article{lin2017structured,
  author = {Lin, Zhouhan and Feng, Minwei and dos Santos, Cicero Nogueira and Yu, Mo and Xiang, Bing and Zhou, Bowen and Bengio, Yoshua},
  title = {A Structured Self-Attentive Sentence Embedding},
  journal = {arXiv preprint arXiv:1703.03130},
  year = {2017}
}

@article{hasani2019compact,
  author = {Hasani, Ramin and Lechner, Mathias and Amini, Alexander and Rus, Daniela and Grosu, Radu},
  title = {Can a Compact Neuronal Circuit Policy be Re-purposed to Learn Simple Robotic Control?},
  journal = {arXiv preprint},
  year = {2019}
}

@article{dam2018,
  author = {Dam, Hoa Khanh and Tran, Truyen and Ghose, Aditya},
  title = {Explainable software analytics},
  journal = {Proceedings of the 40th International Conference on Software Engineering: New Ideas and Emerging Results},
  pages = {53--56},
  year = {2018},
  doi = {10.1145/3183399.3183400}
}

@misc{GradCAMImage,
  author       = {Melanie},
  title        = {What is the Grad CAM method?},
  year         = {2024},
  url          = {https://datascientest.com/en/what-is-the-grad-cam-method},
  note         = {Accessed: 2025-04-15}
}

@article{zhang2022xai,
  title={Explainable Artificial Intelligence Applications in Cyber Security: State-of-the-Art in Research},
  author={Zhang, Zhibo and Al Hamadi, Hussam and Damiani, Ernesto and Yeun, Chan Yeob and Taher, Fatma},
  journal={IEEE Access},
  year={2022},
  publisher={IEEE}
}

@article{goodman2017gdpr,
  title={European Union Regulations on Algorithmic Decision-Making and a 'Right to Explanation'},
  author={Goodman, Bryce and Flaxman, Seth},
  journal={AI Magazine},
  volume={38},
  number={3},
  pages={50--57},
  year={2017},
  publisher={AAAI}
}

@article{barredo2020xai,
  title={Explainable Artificial Intelligence (XAI): Concepts, taxonomies, opportunities and challenges toward responsible AI},
  author={Barredo Arrieta, Alejandro and others},
  journal={Information Fusion},
  volume={58},
  pages={82--115},
  year={2020},
  publisher={Elsevier}
}

@article{lundberg2017shap,
  title={A Unified Approach to Interpreting Model Predictions},
  author={Lundberg, Scott M and Lee, Su-In},
  journal={Advances in Neural Information Processing Systems},
  volume={30},
  year={2017}
}

@article{ribeiro2016lime,
  title={"Why Should I Trust You?": Explaining the Predictions of Any Classifier},
  author={Ribeiro, Marco Tulio and Singh, Sameer and Guestrin, Carlos},
  journal={arXiv preprint arXiv:1602.04938},
  year={2016}
}

@article{ahmed2021xai,
  title={Explainable Artificial Intelligence for Tabular Data: A Survey},
  author={Ahmed, Ismini and others},
  journal={IEEE Access},
  volume={9},
  pages={135392--135422},
  year={2021},
  publisher={IEEE}
}

@article{rudin2019stop,
  title={Stop Explaining Black Box Machine Learning Models for High Stakes Decisions and Use Interpretable Models Instead},
  author={Rudin, Cynthia},
  journal={Nature Machine Intelligence},
  volume={1},
  number={5},
  pages={206--215},
  year={2019},
  publisher={Nature}
}

@article{slack2020fooling,
  title={Fooling LIME and SHAP: Adversarial Attacks on Post hoc Explanation Methods},
  author={Slack, Dylan and Hilgard, Sophie and Jia, Emily and Singh, Sameer and Lakkaraju, Himabindu},
  journal={Proceedings of the AAAI/ACM Conference on AI, Ethics, and Society},
  pages={180--186},
  year={2020}
}